@misc{vergara2012gas,
  title={Gas Sensor Array Drift Dataset},
  author={Vergara, Alexander and Vembu, Shankar and Ayhan, Tuba and Ryan, Margaret A. and Homer, Margie L. and Huerta, Ram{\'o}n},
  year={2012},
  publisher={UCI Machine Learning Repository},
  howpublished={\url{https://archive.ics.uci.edu/ml/datasets/Gas+Sensor+Array+Drift+Dataset}},
  doi={10.24432/C5QC8P}
}

@article{vergara2012chemical,
  title={Chemical gas sensor drift compensation using classifier ensembles},
  author={Vergara, Alexander and Vembu, Shankar and Ayhan, Tuba and Ryan, Margaret A. and Homer, Margie L. and Huerta, Ram{\'o}n},
  journal={Sensors and Actuators B: Chemical},
  volume={166},
  pages={320--329},
  year={2012},
  publisher={Elsevier},
  doi={10.1016/j.snb.2012.01.074}
}

@inproceedings{rodriguez2014calibration,
  title={On the calibration of sensor arrays for pattern recognition using the minimal number of experiments},
  author={Rodriguez-Lujan, Irene and Fonollosa, Jordi and Vergara, Alexander and Homer, Margie and Huerta, Ram{\'o}n},
  booktitle={Chemometrics and Intelligent Laboratory Systems},
  volume={130},
  pages={123--134},
  year={2014},
  publisher={Elsevier},
  doi={10.1016/j.chemolab.2013.10.012}
}